%YAML 1.1
%TAG !u! tag:unity3d.com,2011:
--- !u!1 &3010816797593600211
GameObject:
  m_ObjectHideFlags: 0
  m_CorrespondingSourceObject: {fileID: 0}
  m_PrefabInstance: {fileID: 0}
  m_PrefabAsset: {fileID: 0}
  serializedVersion: 6
  m_Component:
  - component: {fileID: 3010816797593600210}
  m_Layer: 0
  m_Name: LongRoom
  m_TagString: Untagged
  m_Icon: {fileID: 0}
  m_NavMeshLayer: 0
  m_StaticEditorFlags: 0
  m_IsActive: 1
--- !u!4 &3010816797593600210
Transform:
  m_ObjectHideFlags: 0
  m_CorrespondingSourceObject: {fileID: 0}
  m_PrefabInstance: {fileID: 0}
  m_PrefabAsset: {fileID: 0}
  m_GameObject: {fileID: 3010816797593600211}
  m_LocalRotation: {x: 0, y: 0, z: 0, w: 1}
  m_LocalPosition: {x: -70, y: 0, z: -10}
  m_LocalScale: {x: 1, y: 1, z: 1}
  m_Children:
  - {fileID: 5366104405989588851}
  - {fileID: 2441333088758492792}
  - {fileID: 1374145352377805761}
  - {fileID: 4278244764827742724}
  - {fileID: 3624331817781261526}
  - {fileID: 2356503939199916774}
  - {fileID: 7675039063345833568}
  - {fileID: 8723297369729942965}
  - {fileID: 8269212343941234859}
  - {fileID: 2869265449467278079}
  m_Father: {fileID: 0}
  m_RootOrder: 0
  m_LocalEulerAnglesHint: {x: 0, y: 0, z: 0}
--- !u!1001 &305360935256487919
PrefabInstance:
  m_ObjectHideFlags: 0
  serializedVersion: 2
  m_Modification:
    m_TransformParent: {fileID: 3010816797593600210}
    m_Modifications:
    - target: {fileID: 1670041398604586029, guid: 3033461bc5d6e8646be544059547529c, type: 3}
      propertyPath: m_Name
      value: LongRoomWall
      objectReference: {fileID: 0}
    - target: {fileID: 1670041398604586030, guid: 3033461bc5d6e8646be544059547529c, type: 3}
      propertyPath: m_LocalPosition.x
      value: 0
      objectReference: {fileID: 0}
    - target: {fileID: 1670041398604586030, guid: 3033461bc5d6e8646be544059547529c, type: 3}
      propertyPath: m_LocalPosition.y
      value: 0
      objectReference: {fileID: 0}
    - target: {fileID: 1670041398604586030, guid: 3033461bc5d6e8646be544059547529c, type: 3}
      propertyPath: m_LocalPosition.z
      value: 10.5
      objectReference: {fileID: 0}
    - target: {fileID: 1670041398604586030, guid: 3033461bc5d6e8646be544059547529c, type: 3}
      propertyPath: m_LocalRotation.x
      value: 0
      objectReference: {fileID: 0}
    - target: {fileID: 1670041398604586030, guid: 3033461bc5d6e8646be544059547529c, type: 3}
      propertyPath: m_LocalRotation.y
      value: 0
      objectReference: {fileID: 0}
    - target: {fileID: 1670041398604586030, guid: 3033461bc5d6e8646be544059547529c, type: 3}
      propertyPath: m_LocalRotation.z
      value: 0
      objectReference: {fileID: 0}
    - target: {fileID: 1670041398604586030, guid: 3033461bc5d6e8646be544059547529c, type: 3}
      propertyPath: m_LocalRotation.w
      value: 1
      objectReference: {fileID: 0}
    - target: {fileID: 1670041398604586030, guid: 3033461bc5d6e8646be544059547529c, type: 3}
      propertyPath: m_RootOrder
      value: 2
      objectReference: {fileID: 0}
    - target: {fileID: 1670041398604586030, guid: 3033461bc5d6e8646be544059547529c, type: 3}
      propertyPath: m_LocalEulerAnglesHint.x
      value: 0
      objectReference: {fileID: 0}
    - target: {fileID: 1670041398604586030, guid: 3033461bc5d6e8646be544059547529c, type: 3}
      propertyPath: m_LocalEulerAnglesHint.y
      value: 0
      objectReference: {fileID: 0}
    - target: {fileID: 1670041398604586030, guid: 3033461bc5d6e8646be544059547529c, type: 3}
      propertyPath: m_LocalEulerAnglesHint.z
      value: 0
      objectReference: {fileID: 0}
    m_RemovedComponents: []
  m_SourcePrefab: {fileID: 100100000, guid: 3033461bc5d6e8646be544059547529c, type: 3}
--- !u!4 &1374145352377805761 stripped
Transform:
  m_CorrespondingSourceObject: {fileID: 1670041398604586030, guid: 3033461bc5d6e8646be544059547529c, type: 3}
  m_PrefabInstance: {fileID: 305360935256487919}
  m_PrefabAsset: {fileID: 0}
--- !u!1001 &533466993305787803
PrefabInstance:
  m_ObjectHideFlags: 0
  serializedVersion: 2
  m_Modification:
    m_TransformParent: {fileID: 3010816797593600210}
    m_Modifications:
    - target: {fileID: 9108567466740111406, guid: 2f1a5f05e7e3a3b479b0c98e48b6c1ea, type: 3}
      propertyPath: m_LocalPosition.x
      value: 20.2
      objectReference: {fileID: 0}
    - target: {fileID: 9108567466740111406, guid: 2f1a5f05e7e3a3b479b0c98e48b6c1ea, type: 3}
      propertyPath: m_LocalPosition.y
      value: 3
      objectReference: {fileID: 0}
    - target: {fileID: 9108567466740111406, guid: 2f1a5f05e7e3a3b479b0c98e48b6c1ea, type: 3}
      propertyPath: m_LocalPosition.z
      value: 6
      objectReference: {fileID: 0}
    - target: {fileID: 9108567466740111406, guid: 2f1a5f05e7e3a3b479b0c98e48b6c1ea, type: 3}
      propertyPath: m_LocalRotation.x
      value: 0
      objectReference: {fileID: 0}
    - target: {fileID: 9108567466740111406, guid: 2f1a5f05e7e3a3b479b0c98e48b6c1ea, type: 3}
      propertyPath: m_LocalRotation.y
      value: 1
      objectReference: {fileID: 0}
    - target: {fileID: 9108567466740111406, guid: 2f1a5f05e7e3a3b479b0c98e48b6c1ea, type: 3}
      propertyPath: m_LocalRotation.z
      value: 0
      objectReference: {fileID: 0}
    - target: {fileID: 9108567466740111406, guid: 2f1a5f05e7e3a3b479b0c98e48b6c1ea, type: 3}
      propertyPath: m_LocalRotation.w
      value: 0
      objectReference: {fileID: 0}
    - target: {fileID: 9108567466740111406, guid: 2f1a5f05e7e3a3b479b0c98e48b6c1ea, type: 3}
      propertyPath: m_RootOrder
      value: 7
      objectReference: {fileID: 0}
    - target: {fileID: 9108567466740111406, guid: 2f1a5f05e7e3a3b479b0c98e48b6c1ea, type: 3}
      propertyPath: m_LocalEulerAnglesHint.x
      value: 0
      objectReference: {fileID: 0}
    - target: {fileID: 9108567466740111406, guid: 2f1a5f05e7e3a3b479b0c98e48b6c1ea, type: 3}
      propertyPath: m_LocalEulerAnglesHint.y
      value: 180
      objectReference: {fileID: 0}
    - target: {fileID: 9108567466740111406, guid: 2f1a5f05e7e3a3b479b0c98e48b6c1ea, type: 3}
      propertyPath: m_LocalEulerAnglesHint.z
      value: 0
      objectReference: {fileID: 0}
    - target: {fileID: 9108567466740111407, guid: 2f1a5f05e7e3a3b479b0c98e48b6c1ea, type: 3}
      propertyPath: m_Name
      value: Torch (3)
      objectReference: {fileID: 0}
    m_RemovedComponents: []
  m_SourcePrefab: {fileID: 100100000, guid: 2f1a5f05e7e3a3b479b0c98e48b6c1ea, type: 3}
--- !u!4 &8723297369729942965 stripped
Transform:
  m_CorrespondingSourceObject: {fileID: 9108567466740111406, guid: 2f1a5f05e7e3a3b479b0c98e48b6c1ea, type: 3}
  m_PrefabInstance: {fileID: 533466993305787803}
  m_PrefabAsset: {fileID: 0}
--- !u!1001 &912547417274833029
PrefabInstance:
  m_ObjectHideFlags: 0
  serializedVersion: 2
  m_Modification:
    m_TransformParent: {fileID: 3010816797593600210}
    m_Modifications:
    - target: {fileID: 9108567466740111406, guid: 2f1a5f05e7e3a3b479b0c98e48b6c1ea, type: 3}
      propertyPath: m_LocalPosition.x
      value: 0
      objectReference: {fileID: 0}
    - target: {fileID: 9108567466740111406, guid: 2f1a5f05e7e3a3b479b0c98e48b6c1ea, type: 3}
      propertyPath: m_LocalPosition.y
      value: 3
      objectReference: {fileID: 0}
    - target: {fileID: 9108567466740111406, guid: 2f1a5f05e7e3a3b479b0c98e48b6c1ea, type: 3}
      propertyPath: m_LocalPosition.z
      value: 9.8
      objectReference: {fileID: 0}
    - target: {fileID: 9108567466740111406, guid: 2f1a5f05e7e3a3b479b0c98e48b6c1ea, type: 3}
      propertyPath: m_LocalRotation.x
      value: 0
      objectReference: {fileID: 0}
    - target: {fileID: 9108567466740111406, guid: 2f1a5f05e7e3a3b479b0c98e48b6c1ea, type: 3}
      propertyPath: m_LocalRotation.y
      value: 0.7071068
      objectReference: {fileID: 0}
    - target: {fileID: 9108567466740111406, guid: 2f1a5f05e7e3a3b479b0c98e48b6c1ea, type: 3}
      propertyPath: m_LocalRotation.z
      value: 0
      objectReference: {fileID: 0}
    - target: {fileID: 9108567466740111406, guid: 2f1a5f05e7e3a3b479b0c98e48b6c1ea, type: 3}
      propertyPath: m_LocalRotation.w
      value: 0.7071068
      objectReference: {fileID: 0}
    - target: {fileID: 9108567466740111406, guid: 2f1a5f05e7e3a3b479b0c98e48b6c1ea, type: 3}
      propertyPath: m_RootOrder
      value: 8
      objectReference: {fileID: 0}
    - target: {fileID: 9108567466740111406, guid: 2f1a5f05e7e3a3b479b0c98e48b6c1ea, type: 3}
      propertyPath: m_LocalEulerAnglesHint.x
      value: 0
      objectReference: {fileID: 0}
    - target: {fileID: 9108567466740111406, guid: 2f1a5f05e7e3a3b479b0c98e48b6c1ea, type: 3}
      propertyPath: m_LocalEulerAnglesHint.y
      value: 90
      objectReference: {fileID: 0}
    - target: {fileID: 9108567466740111406, guid: 2f1a5f05e7e3a3b479b0c98e48b6c1ea, type: 3}
      propertyPath: m_LocalEulerAnglesHint.z
      value: 0
      objectReference: {fileID: 0}
    - target: {fileID: 9108567466740111407, guid: 2f1a5f05e7e3a3b479b0c98e48b6c1ea, type: 3}
      propertyPath: m_Name
      value: Torch (4)
      objectReference: {fileID: 0}
    m_RemovedComponents: []
  m_SourcePrefab: {fileID: 100100000, guid: 2f1a5f05e7e3a3b479b0c98e48b6c1ea, type: 3}
--- !u!4 &8269212343941234859 stripped
Transform:
  m_CorrespondingSourceObject: {fileID: 9108567466740111406, guid: 2f1a5f05e7e3a3b479b0c98e48b6c1ea, type: 3}
  m_PrefabInstance: {fileID: 912547417274833029}
  m_PrefabAsset: {fileID: 0}
--- !u!1001 &1507323269970198094
PrefabInstance:
  m_ObjectHideFlags: 0
  serializedVersion: 2
  m_Modification:
    m_TransformParent: {fileID: 3010816797593600210}
    m_Modifications:
    - target: {fileID: 9108567466740111406, guid: 2f1a5f05e7e3a3b479b0c98e48b6c1ea, type: 3}
      propertyPath: m_LocalPosition.x
      value: 20.3
      objectReference: {fileID: 0}
    - target: {fileID: 9108567466740111406, guid: 2f1a5f05e7e3a3b479b0c98e48b6c1ea, type: 3}
      propertyPath: m_LocalPosition.y
      value: 3
      objectReference: {fileID: 0}
    - target: {fileID: 9108567466740111406, guid: 2f1a5f05e7e3a3b479b0c98e48b6c1ea, type: 3}
      propertyPath: m_LocalPosition.z
      value: -6
      objectReference: {fileID: 0}
    - target: {fileID: 9108567466740111406, guid: 2f1a5f05e7e3a3b479b0c98e48b6c1ea, type: 3}
      propertyPath: m_LocalRotation.x
      value: 0
      objectReference: {fileID: 0}
    - target: {fileID: 9108567466740111406, guid: 2f1a5f05e7e3a3b479b0c98e48b6c1ea, type: 3}
      propertyPath: m_LocalRotation.y
      value: 1
      objectReference: {fileID: 0}
    - target: {fileID: 9108567466740111406, guid: 2f1a5f05e7e3a3b479b0c98e48b6c1ea, type: 3}
      propertyPath: m_LocalRotation.z
      value: 0
      objectReference: {fileID: 0}
    - target: {fileID: 9108567466740111406, guid: 2f1a5f05e7e3a3b479b0c98e48b6c1ea, type: 3}
      propertyPath: m_LocalRotation.w
      value: 0
      objectReference: {fileID: 0}
    - target: {fileID: 9108567466740111406, guid: 2f1a5f05e7e3a3b479b0c98e48b6c1ea, type: 3}
      propertyPath: m_RootOrder
      value: 6
      objectReference: {fileID: 0}
    - target: {fileID: 9108567466740111406, guid: 2f1a5f05e7e3a3b479b0c98e48b6c1ea, type: 3}
      propertyPath: m_LocalEulerAnglesHint.x
      value: 0
      objectReference: {fileID: 0}
    - target: {fileID: 9108567466740111406, guid: 2f1a5f05e7e3a3b479b0c98e48b6c1ea, type: 3}
      propertyPath: m_LocalEulerAnglesHint.y
      value: 180
      objectReference: {fileID: 0}
    - target: {fileID: 9108567466740111406, guid: 2f1a5f05e7e3a3b479b0c98e48b6c1ea, type: 3}
      propertyPath: m_LocalEulerAnglesHint.z
      value: 0
      objectReference: {fileID: 0}
    - target: {fileID: 9108567466740111407, guid: 2f1a5f05e7e3a3b479b0c98e48b6c1ea, type: 3}
      propertyPath: m_Name
      value: Torch (2)
      objectReference: {fileID: 0}
    m_RemovedComponents: []
  m_SourcePrefab: {fileID: 100100000, guid: 2f1a5f05e7e3a3b479b0c98e48b6c1ea, type: 3}
--- !u!4 &7675039063345833568 stripped
Transform:
  m_CorrespondingSourceObject: {fileID: 9108567466740111406, guid: 2f1a5f05e7e3a3b479b0c98e48b6c1ea, type: 3}
  m_PrefabInstance: {fileID: 1507323269970198094}
  m_PrefabAsset: {fileID: 0}
--- !u!1001 &3010816797882118813
PrefabInstance:
  m_ObjectHideFlags: 0
  serializedVersion: 2
  m_Modification:
    m_TransformParent: {fileID: 3010816797593600210}
    m_Modifications:
    - target: {fileID: 588223802632150245, guid: d616733c82891a24a832dd0d9df0469d, type: 3}
      propertyPath: m_LocalPosition.x
      value: -21
      objectReference: {fileID: 0}
    - target: {fileID: 588223802632150245, guid: d616733c82891a24a832dd0d9df0469d, type: 3}
      propertyPath: m_RootOrder
      value: 1
      objectReference: {fileID: 0}
    - target: {fileID: 839502503095057337, guid: d616733c82891a24a832dd0d9df0469d, type: 3}
      propertyPath: m_Name
      value: SquareRoomWall
      objectReference: {fileID: 0}
    - target: {fileID: 839502503095057338, guid: d616733c82891a24a832dd0d9df0469d, type: 3}
      propertyPath: m_LocalPosition.x
      value: 0
      objectReference: {fileID: 0}
    - target: {fileID: 839502503095057338, guid: d616733c82891a24a832dd0d9df0469d, type: 3}
      propertyPath: m_LocalPosition.y
      value: 2
      objectReference: {fileID: 0}
    - target: {fileID: 839502503095057338, guid: d616733c82891a24a832dd0d9df0469d, type: 3}
      propertyPath: m_LocalPosition.z
      value: -21
      objectReference: {fileID: 0}
    - target: {fileID: 839502503095057338, guid: d616733c82891a24a832dd0d9df0469d, type: 3}
      propertyPath: m_LocalRotation.x
      value: 0
      objectReference: {fileID: 0}
    - target: {fileID: 839502503095057338, guid: d616733c82891a24a832dd0d9df0469d, type: 3}
      propertyPath: m_LocalRotation.y
      value: 0.7071068
      objectReference: {fileID: 0}
    - target: {fileID: 839502503095057338, guid: d616733c82891a24a832dd0d9df0469d, type: 3}
      propertyPath: m_LocalRotation.z
      value: 0
      objectReference: {fileID: 0}
    - target: {fileID: 839502503095057338, guid: d616733c82891a24a832dd0d9df0469d, type: 3}
      propertyPath: m_LocalRotation.w
      value: 0.7071068
      objectReference: {fileID: 0}
    - target: {fileID: 839502503095057338, guid: d616733c82891a24a832dd0d9df0469d, type: 3}
      propertyPath: m_RootOrder
      value: 0
      objectReference: {fileID: 0}
    - target: {fileID: 839502503095057338, guid: d616733c82891a24a832dd0d9df0469d, type: 3}
      propertyPath: m_LocalEulerAnglesHint.x
      value: 0
      objectReference: {fileID: 0}
    - target: {fileID: 839502503095057338, guid: d616733c82891a24a832dd0d9df0469d, type: 3}
      propertyPath: m_LocalEulerAnglesHint.y
      value: 90
      objectReference: {fileID: 0}
    - target: {fileID: 839502503095057338, guid: d616733c82891a24a832dd0d9df0469d, type: 3}
      propertyPath: m_LocalEulerAnglesHint.z
      value: 0
      objectReference: {fileID: 0}
    m_RemovedComponents: []
  m_SourcePrefab: {fileID: 100100000, guid: d616733c82891a24a832dd0d9df0469d, type: 3}
--- !u!4 &2441333088758492792 stripped
Transform:
  m_CorrespondingSourceObject: {fileID: 588223802632150245, guid: d616733c82891a24a832dd0d9df0469d, type: 3}
  m_PrefabInstance: {fileID: 3010816797882118813}
  m_PrefabAsset: {fileID: 0}
--- !u!1001 &3708338933833854689
PrefabInstance:
  m_ObjectHideFlags: 0
  serializedVersion: 2
  m_Modification:
    m_TransformParent: {fileID: 3010816797593600210}
    m_Modifications:
    - target: {fileID: 588223802632150244, guid: d616733c82891a24a832dd0d9df0469d, type: 3}
      propertyPath: m_Name
      value: SquareRoomWall
      objectReference: {fileID: 0}
    - target: {fileID: 588223802632150245, guid: d616733c82891a24a832dd0d9df0469d, type: 3}
      propertyPath: m_LocalPosition.x
      value: 21
      objectReference: {fileID: 0}
    - target: {fileID: 588223802632150245, guid: d616733c82891a24a832dd0d9df0469d, type: 3}
      propertyPath: m_LocalPosition.y
      value: 0
      objectReference: {fileID: 0}
    - target: {fileID: 588223802632150245, guid: d616733c82891a24a832dd0d9df0469d, type: 3}
      propertyPath: m_LocalPosition.z
      value: 0
      objectReference: {fileID: 0}
    - target: {fileID: 588223802632150245, guid: d616733c82891a24a832dd0d9df0469d, type: 3}
      propertyPath: m_LocalRotation.x
      value: 0
      objectReference: {fileID: 0}
    - target: {fileID: 588223802632150245, guid: d616733c82891a24a832dd0d9df0469d, type: 3}
      propertyPath: m_LocalRotation.y
      value: 0
      objectReference: {fileID: 0}
    - target: {fileID: 588223802632150245, guid: d616733c82891a24a832dd0d9df0469d, type: 3}
      propertyPath: m_LocalRotation.z
      value: 0
      objectReference: {fileID: 0}
    - target: {fileID: 588223802632150245, guid: d616733c82891a24a832dd0d9df0469d, type: 3}
      propertyPath: m_LocalRotation.w
      value: 1
      objectReference: {fileID: 0}
    - target: {fileID: 588223802632150245, guid: d616733c82891a24a832dd0d9df0469d, type: 3}
      propertyPath: m_RootOrder
      value: 3
      objectReference: {fileID: 0}
    - target: {fileID: 588223802632150245, guid: d616733c82891a24a832dd0d9df0469d, type: 3}
      propertyPath: m_LocalEulerAnglesHint.x
      value: 0
      objectReference: {fileID: 0}
    - target: {fileID: 588223802632150245, guid: d616733c82891a24a832dd0d9df0469d, type: 3}
      propertyPath: m_LocalEulerAnglesHint.y
      value: 0
      objectReference: {fileID: 0}
    - target: {fileID: 588223802632150245, guid: d616733c82891a24a832dd0d9df0469d, type: 3}
      propertyPath: m_LocalEulerAnglesHint.z
      value: 0
      objectReference: {fileID: 0}
    m_RemovedComponents: []
  m_SourcePrefab: {fileID: 100100000, guid: d616733c82891a24a832dd0d9df0469d, type: 3}
--- !u!4 &4278244764827742724 stripped
Transform:
  m_CorrespondingSourceObject: {fileID: 588223802632150245, guid: d616733c82891a24a832dd0d9df0469d, type: 3}
  m_PrefabInstance: {fileID: 3708338933833854689}
  m_PrefabAsset: {fileID: 0}
--- !u!1001 &5486535878296087800
PrefabInstance:
  m_ObjectHideFlags: 0
  serializedVersion: 2
  m_Modification:
    m_TransformParent: {fileID: 3010816797593600210}
    m_Modifications:
    - target: {fileID: 9108567466740111406, guid: 2f1a5f05e7e3a3b479b0c98e48b6c1ea, type: 3}
      propertyPath: m_LocalPosition.x
      value: 0
      objectReference: {fileID: 0}
    - target: {fileID: 9108567466740111406, guid: 2f1a5f05e7e3a3b479b0c98e48b6c1ea, type: 3}
      propertyPath: m_LocalPosition.y
      value: 3
      objectReference: {fileID: 0}
    - target: {fileID: 9108567466740111406, guid: 2f1a5f05e7e3a3b479b0c98e48b6c1ea, type: 3}
      propertyPath: m_LocalPosition.z
      value: -9.8
      objectReference: {fileID: 0}
    - target: {fileID: 9108567466740111406, guid: 2f1a5f05e7e3a3b479b0c98e48b6c1ea, type: 3}
      propertyPath: m_LocalRotation.x
      value: 0
      objectReference: {fileID: 0}
    - target: {fileID: 9108567466740111406, guid: 2f1a5f05e7e3a3b479b0c98e48b6c1ea, type: 3}
      propertyPath: m_LocalRotation.y
      value: -0.7071068
      objectReference: {fileID: 0}
    - target: {fileID: 9108567466740111406, guid: 2f1a5f05e7e3a3b479b0c98e48b6c1ea, type: 3}
      propertyPath: m_LocalRotation.z
      value: 0
      objectReference: {fileID: 0}
    - target: {fileID: 9108567466740111406, guid: 2f1a5f05e7e3a3b479b0c98e48b6c1ea, type: 3}
      propertyPath: m_LocalRotation.w
      value: 0.7071068
      objectReference: {fileID: 0}
    - target: {fileID: 9108567466740111406, guid: 2f1a5f05e7e3a3b479b0c98e48b6c1ea, type: 3}
      propertyPath: m_RootOrder
      value: 4
      objectReference: {fileID: 0}
    - target: {fileID: 9108567466740111406, guid: 2f1a5f05e7e3a3b479b0c98e48b6c1ea, type: 3}
      propertyPath: m_LocalEulerAnglesHint.x
      value: 0
      objectReference: {fileID: 0}
    - target: {fileID: 9108567466740111406, guid: 2f1a5f05e7e3a3b479b0c98e48b6c1ea, type: 3}
      propertyPath: m_LocalEulerAnglesHint.y
      value: -90
      objectReference: {fileID: 0}
    - target: {fileID: 9108567466740111406, guid: 2f1a5f05e7e3a3b479b0c98e48b6c1ea, type: 3}
      propertyPath: m_LocalEulerAnglesHint.z
      value: 0
      objectReference: {fileID: 0}
    - target: {fileID: 9108567466740111407, guid: 2f1a5f05e7e3a3b479b0c98e48b6c1ea, type: 3}
      propertyPath: m_Name
      value: Torch
      objectReference: {fileID: 0}
    m_RemovedComponents: []
  m_SourcePrefab: {fileID: 100100000, guid: 2f1a5f05e7e3a3b479b0c98e48b6c1ea, type: 3}
--- !u!4 &3624331817781261526 stripped
Transform:
  m_CorrespondingSourceObject: {fileID: 9108567466740111406, guid: 2f1a5f05e7e3a3b479b0c98e48b6c1ea, type: 3}
  m_PrefabInstance: {fileID: 5486535878296087800}
  m_PrefabAsset: {fileID: 0}
--- !u!1001 &6465353098548554449
PrefabInstance:
  m_ObjectHideFlags: 0
  serializedVersion: 2
  m_Modification:
    m_TransformParent: {fileID: 3010816797593600210}
    m_Modifications:
    - target: {fileID: 9108567466740111406, guid: 2f1a5f05e7e3a3b479b0c98e48b6c1ea, type: 3}
      propertyPath: m_LocalPosition.x
      value: -20.2
      objectReference: {fileID: 0}
    - target: {fileID: 9108567466740111406, guid: 2f1a5f05e7e3a3b479b0c98e48b6c1ea, type: 3}
      propertyPath: m_LocalPosition.y
      value: 3
      objectReference: {fileID: 0}
    - target: {fileID: 9108567466740111406, guid: 2f1a5f05e7e3a3b479b0c98e48b6c1ea, type: 3}
      propertyPath: m_LocalPosition.z
      value: 6
      objectReference: {fileID: 0}
    - target: {fileID: 9108567466740111406, guid: 2f1a5f05e7e3a3b479b0c98e48b6c1ea, type: 3}
      propertyPath: m_LocalRotation.x
      value: 0
      objectReference: {fileID: 0}
    - target: {fileID: 9108567466740111406, guid: 2f1a5f05e7e3a3b479b0c98e48b6c1ea, type: 3}
      propertyPath: m_LocalRotation.y
      value: 0
      objectReference: {fileID: 0}
    - target: {fileID: 9108567466740111406, guid: 2f1a5f05e7e3a3b479b0c98e48b6c1ea, type: 3}
      propertyPath: m_LocalRotation.z
      value: 0
      objectReference: {fileID: 0}
    - target: {fileID: 9108567466740111406, guid: 2f1a5f05e7e3a3b479b0c98e48b6c1ea, type: 3}
      propertyPath: m_LocalRotation.w
      value: 1
      objectReference: {fileID: 0}
    - target: {fileID: 9108567466740111406, guid: 2f1a5f05e7e3a3b479b0c98e48b6c1ea, type: 3}
      propertyPath: m_RootOrder
      value: 9
      objectReference: {fileID: 0}
    - target: {fileID: 9108567466740111406, guid: 2f1a5f05e7e3a3b479b0c98e48b6c1ea, type: 3}
      propertyPath: m_LocalEulerAnglesHint.x
      value: 0
      objectReference: {fileID: 0}
    - target: {fileID: 9108567466740111406, guid: 2f1a5f05e7e3a3b479b0c98e48b6c1ea, type: 3}
      propertyPath: m_LocalEulerAnglesHint.y
      value: 0
      objectReference: {fileID: 0}
    - target: {fileID: 9108567466740111406, guid: 2f1a5f05e7e3a3b479b0c98e48b6c1ea, type: 3}
      propertyPath: m_LocalEulerAnglesHint.z
      value: 0
      objectReference: {fileID: 0}
    - target: {fileID: 9108567466740111407, guid: 2f1a5f05e7e3a3b479b0c98e48b6c1ea, type: 3}
      propertyPath: m_Name
      value: Torch (5)
      objectReference: {fileID: 0}
    m_RemovedComponents: []
  m_SourcePrefab: {fileID: 100100000, guid: 2f1a5f05e7e3a3b479b0c98e48b6c1ea, type: 3}
--- !u!4 &2869265449467278079 stripped
Transform:
  m_CorrespondingSourceObject: {fileID: 9108567466740111406, guid: 2f1a5f05e7e3a3b479b0c98e48b6c1ea, type: 3}
  m_PrefabInstance: {fileID: 6465353098548554449}
  m_PrefabAsset: {fileID: 0}
--- !u!1001 &6725306130038203229
PrefabInstance:
  m_ObjectHideFlags: 0
  serializedVersion: 2
  m_Modification:
    m_TransformParent: {fileID: 3010816797593600210}
    m_Modifications:
    - target: {fileID: 1670041398604586029, guid: 3033461bc5d6e8646be544059547529c, type: 3}
      propertyPath: m_Name
      value: LongRoomWall
      objectReference: {fileID: 0}
    - target: {fileID: 1670041398604586030, guid: 3033461bc5d6e8646be544059547529c, type: 3}
      propertyPath: m_LocalPosition.x
      value: 0
      objectReference: {fileID: 0}
    - target: {fileID: 1670041398604586030, guid: 3033461bc5d6e8646be544059547529c, type: 3}
      propertyPath: m_LocalPosition.y
      value: 0
      objectReference: {fileID: 0}
    - target: {fileID: 1670041398604586030, guid: 3033461bc5d6e8646be544059547529c, type: 3}
      propertyPath: m_LocalPosition.z
      value: -10.5
      objectReference: {fileID: 0}
    - target: {fileID: 1670041398604586030, guid: 3033461bc5d6e8646be544059547529c, type: 3}
      propertyPath: m_LocalRotation.x
      value: 0
      objectReference: {fileID: 0}
    - target: {fileID: 1670041398604586030, guid: 3033461bc5d6e8646be544059547529c, type: 3}
      propertyPath: m_LocalRotation.y
      value: 0
      objectReference: {fileID: 0}
    - target: {fileID: 1670041398604586030, guid: 3033461bc5d6e8646be544059547529c, type: 3}
      propertyPath: m_LocalRotation.z
      value: 0
      objectReference: {fileID: 0}
    - target: {fileID: 1670041398604586030, guid: 3033461bc5d6e8646be544059547529c, type: 3}
      propertyPath: m_LocalRotation.w
      value: 1
      objectReference: {fileID: 0}
    - target: {fileID: 1670041398604586030, guid: 3033461bc5d6e8646be544059547529c, type: 3}
      propertyPath: m_RootOrder
      value: 0
      objectReference: {fileID: 0}
    - target: {fileID: 1670041398604586030, guid: 3033461bc5d6e8646be544059547529c, type: 3}
      propertyPath: m_LocalEulerAnglesHint.x
      value: 0
      objectReference: {fileID: 0}
    - target: {fileID: 1670041398604586030, guid: 3033461bc5d6e8646be544059547529c, type: 3}
      propertyPath: m_LocalEulerAnglesHint.y
      value: 0
      objectReference: {fileID: 0}
    - target: {fileID: 1670041398604586030, guid: 3033461bc5d6e8646be544059547529c, type: 3}
      propertyPath: m_LocalEulerAnglesHint.z
      value: 0
      objectReference: {fileID: 0}
    m_RemovedComponents: []
  m_SourcePrefab: {fileID: 100100000, guid: 3033461bc5d6e8646be544059547529c, type: 3}
--- !u!4 &5366104405989588851 stripped
Transform:
  m_CorrespondingSourceObject: {fileID: 1670041398604586030, guid: 3033461bc5d6e8646be544059547529c, type: 3}
  m_PrefabInstance: {fileID: 6725306130038203229}
  m_PrefabAsset: {fileID: 0}
--- !u!1001 &6835296565421703880
PrefabInstance:
  m_ObjectHideFlags: 0
  serializedVersion: 2
  m_Modification:
    m_TransformParent: {fileID: 3010816797593600210}
    m_Modifications:
    - target: {fileID: 9108567466740111406, guid: 2f1a5f05e7e3a3b479b0c98e48b6c1ea, type: 3}
      propertyPath: m_LocalPosition.x
      value: -20.2
      objectReference: {fileID: 0}
    - target: {fileID: 9108567466740111406, guid: 2f1a5f05e7e3a3b479b0c98e48b6c1ea, type: 3}
      propertyPath: m_LocalPosition.y
      value: 3
      objectReference: {fileID: 0}
    - target: {fileID: 9108567466740111406, guid: 2f1a5f05e7e3a3b479b0c98e48b6c1ea, type: 3}
      propertyPath: m_LocalPosition.z
      value: -6
      objectReference: {fileID: 0}
    - target: {fileID: 9108567466740111406, guid: 2f1a5f05e7e3a3b479b0c98e48b6c1ea, type: 3}
      propertyPath: m_LocalRotation.x
      value: 0
      objectReference: {fileID: 0}
    - target: {fileID: 9108567466740111406, guid: 2f1a5f05e7e3a3b479b0c98e48b6c1ea, type: 3}
      propertyPath: m_LocalRotation.y
      value: 0
      objectReference: {fileID: 0}
    - target: {fileID: 9108567466740111406, guid: 2f1a5f05e7e3a3b479b0c98e48b6c1ea, type: 3}
      propertyPath: m_LocalRotation.z
      value: 0
      objectReference: {fileID: 0}
    - target: {fileID: 9108567466740111406, guid: 2f1a5f05e7e3a3b479b0c98e48b6c1ea, type: 3}
      propertyPath: m_LocalRotation.w
      value: 1
      objectReference: {fileID: 0}
    - target: {fileID: 9108567466740111406, guid: 2f1a5f05e7e3a3b479b0c98e48b6c1ea, type: 3}
      propertyPath: m_RootOrder
      value: 5
      objectReference: {fileID: 0}
    - target: {fileID: 9108567466740111406, guid: 2f1a5f05e7e3a3b479b0c98e48b6c1ea, type: 3}
      propertyPath: m_LocalEulerAnglesHint.x
      value: 0
      objectReference: {fileID: 0}
    - target: {fileID: 9108567466740111406, guid: 2f1a5f05e7e3a3b479b0c98e48b6c1ea, type: 3}
      propertyPath: m_LocalEulerAnglesHint.y
      value: 0
      objectReference: {fileID: 0}
    - target: {fileID: 9108567466740111406, guid: 2f1a5f05e7e3a3b479b0c98e48b6c1ea, type: 3}
      propertyPath: m_LocalEulerAnglesHint.z
      value: 0
      objectReference: {fileID: 0}
    - target: {fileID: 9108567466740111407, guid: 2f1a5f05e7e3a3b479b0c98e48b6c1ea, type: 3}
      propertyPath: m_Name
      value: Torch (1)
      objectReference: {fileID: 0}
    m_RemovedComponents: []
  m_SourcePrefab: {fileID: 100100000, guid: 2f1a5f05e7e3a3b479b0c98e48b6c1ea, type: 3}
--- !u!4 &2356503939199916774 stripped
Transform:
  m_CorrespondingSourceObject: {fileID: 9108567466740111406, guid: 2f1a5f05e7e3a3b479b0c98e48b6c1ea, type: 3}
  m_PrefabInstance: {fileID: 6835296565421703880}
  m_PrefabAsset: {fileID: 0}
