%YAML 1.1
%TAG !u! tag:unity3d.com,2011:
--- !u!1 &5217333124540921877
GameObject:
  m_ObjectHideFlags: 0
  m_CorrespondingSourceObject: {fileID: 0}
  m_PrefabInstance: {fileID: 0}
  m_PrefabAsset: {fileID: 0}
  serializedVersion: 6
  m_Component:
  - component: {fileID: 5217333124540921874}
  m_Layer: 0
  m_Name: SquareRoom
  m_TagString: Untagged
  m_Icon: {fileID: 0}
  m_NavMeshLayer: 0
  m_StaticEditorFlags: 0
  m_IsActive: 1
--- !u!4 &5217333124540921874
Transform:
  m_ObjectHideFlags: 0
  m_CorrespondingSourceObject: {fileID: 0}
  m_PrefabInstance: {fileID: 0}
  m_PrefabAsset: {fileID: 0}
  m_GameObject: {fileID: 5217333124540921877}
  m_LocalRotation: {x: 0, y: 0, z: 0, w: 1}
  m_LocalPosition: {x: -90, y: 0, z: -40}
  m_LocalScale: {x: 1, y: 1, z: 1}
  m_Children:
  - {fileID: 5469896277574412367}
  - {fileID: 4633776011272876969}
  - {fileID: 4633776011426864856}
  - {fileID: 3046649494395355188}
  - {fileID: 4186425477867770289}
  - {fileID: 855269789336447765}
  - {fileID: 2068388071334041640}
  - {fileID: 3645055492728652557}
  - {fileID: 5063104451516658925}
  - {fileID: 2510714897068792084}
  m_Father: {fileID: 0}
  m_RootOrder: 0
  m_LocalEulerAnglesHint: {x: 0, y: 0, z: 0}
--- !u!1001 &2480944618160430289
PrefabInstance:
  m_ObjectHideFlags: 0
  serializedVersion: 2
  m_Modification:
    m_TransformParent: {fileID: 5217333124540921874}
    m_Modifications:
    - target: {fileID: 588223802632150244, guid: d616733c82891a24a832dd0d9df0469d, type: 3}
      propertyPath: m_Name
      value: SquareRoomWall
      objectReference: {fileID: 0}
    - target: {fileID: 588223802632150245, guid: d616733c82891a24a832dd0d9df0469d, type: 3}
      propertyPath: m_LocalPosition.x
      value: 0
      objectReference: {fileID: 0}
    - target: {fileID: 588223802632150245, guid: d616733c82891a24a832dd0d9df0469d, type: 3}
      propertyPath: m_LocalPosition.y
      value: 0
      objectReference: {fileID: 0}
    - target: {fileID: 588223802632150245, guid: d616733c82891a24a832dd0d9df0469d, type: 3}
      propertyPath: m_LocalPosition.z
      value: 0
      objectReference: {fileID: 0}
    - target: {fileID: 588223802632150245, guid: d616733c82891a24a832dd0d9df0469d, type: 3}
      propertyPath: m_LocalRotation.x
      value: 0
      objectReference: {fileID: 0}
    - target: {fileID: 588223802632150245, guid: d616733c82891a24a832dd0d9df0469d, type: 3}
      propertyPath: m_LocalRotation.y
      value: 0
      objectReference: {fileID: 0}
    - target: {fileID: 588223802632150245, guid: d616733c82891a24a832dd0d9df0469d, type: 3}
      propertyPath: m_LocalRotation.z
      value: 0
      objectReference: {fileID: 0}
    - target: {fileID: 588223802632150245, guid: d616733c82891a24a832dd0d9df0469d, type: 3}
      propertyPath: m_LocalRotation.w
      value: 1
      objectReference: {fileID: 0}
    - target: {fileID: 588223802632150245, guid: d616733c82891a24a832dd0d9df0469d, type: 3}
      propertyPath: m_RootOrder
      value: 3
      objectReference: {fileID: 0}
    - target: {fileID: 588223802632150245, guid: d616733c82891a24a832dd0d9df0469d, type: 3}
      propertyPath: m_LocalEulerAnglesHint.x
      value: 0
      objectReference: {fileID: 0}
    - target: {fileID: 588223802632150245, guid: d616733c82891a24a832dd0d9df0469d, type: 3}
      propertyPath: m_LocalEulerAnglesHint.y
      value: 0
      objectReference: {fileID: 0}
    - target: {fileID: 588223802632150245, guid: d616733c82891a24a832dd0d9df0469d, type: 3}
      propertyPath: m_LocalEulerAnglesHint.z
      value: 0
      objectReference: {fileID: 0}
    m_RemovedComponents: []
  m_SourcePrefab: {fileID: 100100000, guid: d616733c82891a24a832dd0d9df0469d, type: 3}
--- !u!4 &3046649494395355188 stripped
Transform:
  m_CorrespondingSourceObject: {fileID: 588223802632150245, guid: d616733c82891a24a832dd0d9df0469d, type: 3}
  m_PrefabInstance: {fileID: 2480944618160430289}
  m_PrefabAsset: {fileID: 0}
--- !u!1001 &2948035666864336075
PrefabInstance:
  m_ObjectHideFlags: 0
  serializedVersion: 2
  m_Modification:
    m_TransformParent: {fileID: 5217333124540921874}
    m_Modifications:
    - target: {fileID: 738132067232019928, guid: b4648ae95644bd0459017fdc3c9bbf4f, type: 3}
      propertyPath: m_Name
      value: Bed
      objectReference: {fileID: 0}
    - target: {fileID: 738132067232019935, guid: b4648ae95644bd0459017fdc3c9bbf4f, type: 3}
      propertyPath: m_LocalPosition.x
      value: 3
      objectReference: {fileID: 0}
    - target: {fileID: 738132067232019935, guid: b4648ae95644bd0459017fdc3c9bbf4f, type: 3}
      propertyPath: m_LocalPosition.y
      value: 0
      objectReference: {fileID: 0}
    - target: {fileID: 738132067232019935, guid: b4648ae95644bd0459017fdc3c9bbf4f, type: 3}
      propertyPath: m_LocalPosition.z
      value: 9
      objectReference: {fileID: 0}
    - target: {fileID: 738132067232019935, guid: b4648ae95644bd0459017fdc3c9bbf4f, type: 3}
      propertyPath: m_LocalRotation.x
      value: 0
      objectReference: {fileID: 0}
    - target: {fileID: 738132067232019935, guid: b4648ae95644bd0459017fdc3c9bbf4f, type: 3}
      propertyPath: m_LocalRotation.y
      value: 0
      objectReference: {fileID: 0}
    - target: {fileID: 738132067232019935, guid: b4648ae95644bd0459017fdc3c9bbf4f, type: 3}
      propertyPath: m_LocalRotation.z
      value: 0
      objectReference: {fileID: 0}
    - target: {fileID: 738132067232019935, guid: b4648ae95644bd0459017fdc3c9bbf4f, type: 3}
      propertyPath: m_LocalRotation.w
      value: 1
      objectReference: {fileID: 0}
    - target: {fileID: 738132067232019935, guid: b4648ae95644bd0459017fdc3c9bbf4f, type: 3}
      propertyPath: m_RootOrder
      value: 9
      objectReference: {fileID: 0}
    - target: {fileID: 738132067232019935, guid: b4648ae95644bd0459017fdc3c9bbf4f, type: 3}
      propertyPath: m_LocalEulerAnglesHint.x
      value: 0
      objectReference: {fileID: 0}
    - target: {fileID: 738132067232019935, guid: b4648ae95644bd0459017fdc3c9bbf4f, type: 3}
      propertyPath: m_LocalEulerAnglesHint.y
      value: 0
      objectReference: {fileID: 0}
    - target: {fileID: 738132067232019935, guid: b4648ae95644bd0459017fdc3c9bbf4f, type: 3}
      propertyPath: m_LocalEulerAnglesHint.z
      value: 0
      objectReference: {fileID: 0}
    m_RemovedComponents: []
  m_SourcePrefab: {fileID: 100100000, guid: b4648ae95644bd0459017fdc3c9bbf4f, type: 3}
--- !u!4 &2510714897068792084 stripped
Transform:
  m_CorrespondingSourceObject: {fileID: 738132067232019935, guid: b4648ae95644bd0459017fdc3c9bbf4f, type: 3}
  m_PrefabInstance: {fileID: 2948035666864336075}
  m_PrefabAsset: {fileID: 0}
--- !u!1001 &4882240377540342954
PrefabInstance:
  m_ObjectHideFlags: 0
  serializedVersion: 2
  m_Modification:
    m_TransformParent: {fileID: 5217333124540921874}
    m_Modifications:
    - target: {fileID: 588223802632150245, guid: d616733c82891a24a832dd0d9df0469d, type: 3}
      propertyPath: m_LocalPosition.x
      value: 21
      objectReference: {fileID: 0}
    - target: {fileID: 839502503095057337, guid: d616733c82891a24a832dd0d9df0469d, type: 3}
      propertyPath: m_Name
      value: SquareRoomWall
      objectReference: {fileID: 0}
    - target: {fileID: 839502503095057338, guid: d616733c82891a24a832dd0d9df0469d, type: 3}
      propertyPath: m_LocalPosition.x
      value: -10.5
      objectReference: {fileID: 0}
    - target: {fileID: 839502503095057338, guid: d616733c82891a24a832dd0d9df0469d, type: 3}
      propertyPath: m_LocalPosition.y
      value: 2
      objectReference: {fileID: 0}
    - target: {fileID: 839502503095057338, guid: d616733c82891a24a832dd0d9df0469d, type: 3}
      propertyPath: m_LocalPosition.z
      value: 0
      objectReference: {fileID: 0}
    - target: {fileID: 839502503095057338, guid: d616733c82891a24a832dd0d9df0469d, type: 3}
      propertyPath: m_LocalRotation.x
      value: -0
      objectReference: {fileID: 0}
    - target: {fileID: 839502503095057338, guid: d616733c82891a24a832dd0d9df0469d, type: 3}
      propertyPath: m_LocalRotation.y
      value: -0
      objectReference: {fileID: 0}
    - target: {fileID: 839502503095057338, guid: d616733c82891a24a832dd0d9df0469d, type: 3}
      propertyPath: m_LocalRotation.z
      value: -0
      objectReference: {fileID: 0}
    - target: {fileID: 839502503095057338, guid: d616733c82891a24a832dd0d9df0469d, type: 3}
      propertyPath: m_LocalRotation.w
      value: 1
      objectReference: {fileID: 0}
    - target: {fileID: 839502503095057338, guid: d616733c82891a24a832dd0d9df0469d, type: 3}
      propertyPath: m_RootOrder
      value: 0
      objectReference: {fileID: 0}
    - target: {fileID: 839502503095057338, guid: d616733c82891a24a832dd0d9df0469d, type: 3}
      propertyPath: m_LocalEulerAnglesHint.x
      value: 0
      objectReference: {fileID: 0}
    - target: {fileID: 839502503095057338, guid: d616733c82891a24a832dd0d9df0469d, type: 3}
      propertyPath: m_LocalEulerAnglesHint.y
      value: 0
      objectReference: {fileID: 0}
    - target: {fileID: 839502503095057338, guid: d616733c82891a24a832dd0d9df0469d, type: 3}
      propertyPath: m_LocalEulerAnglesHint.z
      value: 0
      objectReference: {fileID: 0}
    - target: {fileID: 839502503095057338, guid: d616733c82891a24a832dd0d9df0469d, type: 3}
      propertyPath: m_LocalScale.z
      value: 22
      objectReference: {fileID: 0}
    m_RemovedComponents: []
  m_SourcePrefab: {fileID: 100100000, guid: d616733c82891a24a832dd0d9df0469d, type: 3}
--- !u!4 &5469896277574412367 stripped
Transform:
  m_CorrespondingSourceObject: {fileID: 588223802632150245, guid: d616733c82891a24a832dd0d9df0469d, type: 3}
  m_PrefabInstance: {fileID: 4882240377540342954}
  m_PrefabAsset: {fileID: 0}
--- !u!1001 &4931734133288028575
PrefabInstance:
  m_ObjectHideFlags: 0
  serializedVersion: 2
  m_Modification:
    m_TransformParent: {fileID: 5217333124540921874}
    m_Modifications:
    - target: {fileID: 9108567466740111406, guid: 2f1a5f05e7e3a3b479b0c98e48b6c1ea, type: 3}
      propertyPath: m_LocalPosition.x
      value: 15
      objectReference: {fileID: 0}
    - target: {fileID: 9108567466740111406, guid: 2f1a5f05e7e3a3b479b0c98e48b6c1ea, type: 3}
      propertyPath: m_LocalPosition.y
      value: 3
      objectReference: {fileID: 0}
    - target: {fileID: 9108567466740111406, guid: 2f1a5f05e7e3a3b479b0c98e48b6c1ea, type: 3}
      propertyPath: m_LocalPosition.z
      value: -9.8
      objectReference: {fileID: 0}
    - target: {fileID: 9108567466740111406, guid: 2f1a5f05e7e3a3b479b0c98e48b6c1ea, type: 3}
      propertyPath: m_LocalRotation.x
      value: 0
      objectReference: {fileID: 0}
    - target: {fileID: 9108567466740111406, guid: 2f1a5f05e7e3a3b479b0c98e48b6c1ea, type: 3}
      propertyPath: m_LocalRotation.y
      value: -0.7071068
      objectReference: {fileID: 0}
    - target: {fileID: 9108567466740111406, guid: 2f1a5f05e7e3a3b479b0c98e48b6c1ea, type: 3}
      propertyPath: m_LocalRotation.z
      value: 0
      objectReference: {fileID: 0}
    - target: {fileID: 9108567466740111406, guid: 2f1a5f05e7e3a3b479b0c98e48b6c1ea, type: 3}
      propertyPath: m_LocalRotation.w
      value: 0.7071068
      objectReference: {fileID: 0}
    - target: {fileID: 9108567466740111406, guid: 2f1a5f05e7e3a3b479b0c98e48b6c1ea, type: 3}
      propertyPath: m_RootOrder
      value: 4
      objectReference: {fileID: 0}
    - target: {fileID: 9108567466740111406, guid: 2f1a5f05e7e3a3b479b0c98e48b6c1ea, type: 3}
      propertyPath: m_LocalEulerAnglesHint.x
      value: 0
      objectReference: {fileID: 0}
    - target: {fileID: 9108567466740111406, guid: 2f1a5f05e7e3a3b479b0c98e48b6c1ea, type: 3}
      propertyPath: m_LocalEulerAnglesHint.y
      value: -90
      objectReference: {fileID: 0}
    - target: {fileID: 9108567466740111406, guid: 2f1a5f05e7e3a3b479b0c98e48b6c1ea, type: 3}
      propertyPath: m_LocalEulerAnglesHint.z
      value: 0
      objectReference: {fileID: 0}
    - target: {fileID: 9108567466740111407, guid: 2f1a5f05e7e3a3b479b0c98e48b6c1ea, type: 3}
      propertyPath: m_Name
      value: Torch
      objectReference: {fileID: 0}
    m_RemovedComponents: []
  m_SourcePrefab: {fileID: 100100000, guid: 2f1a5f05e7e3a3b479b0c98e48b6c1ea, type: 3}
--- !u!4 &4186425477867770289 stripped
Transform:
  m_CorrespondingSourceObject: {fileID: 9108567466740111406, guid: 2f1a5f05e7e3a3b479b0c98e48b6c1ea, type: 3}
  m_PrefabInstance: {fileID: 4931734133288028575}
  m_PrefabAsset: {fileID: 0}
--- !u!1001 &5217333125779353420
PrefabInstance:
  m_ObjectHideFlags: 0
  serializedVersion: 2
  m_Modification:
    m_TransformParent: {fileID: 5217333124540921874}
    m_Modifications:
    - target: {fileID: 588223802632150245, guid: d616733c82891a24a832dd0d9df0469d, type: 3}
      propertyPath: m_LocalPosition.x
      value: 10.5
      objectReference: {fileID: 0}
    - target: {fileID: 588223802632150245, guid: d616733c82891a24a832dd0d9df0469d, type: 3}
      propertyPath: m_RootOrder
      value: 1
      objectReference: {fileID: 0}
    - target: {fileID: 588223802632150245, guid: d616733c82891a24a832dd0d9df0469d, type: 3}
      propertyPath: m_LocalPosition.z
      value: -10.5
      objectReference: {fileID: 0}
    - target: {fileID: 588223802632150245, guid: d616733c82891a24a832dd0d9df0469d, type: 3}
      propertyPath: m_LocalRotation.y
      value: 0.7071068
      objectReference: {fileID: 0}
    - target: {fileID: 588223802632150245, guid: d616733c82891a24a832dd0d9df0469d, type: 3}
      propertyPath: m_LocalRotation.w
      value: 0.7071068
      objectReference: {fileID: 0}
    - target: {fileID: 588223802632150245, guid: d616733c82891a24a832dd0d9df0469d, type: 3}
      propertyPath: m_LocalEulerAnglesHint.y
      value: 90
      objectReference: {fileID: 0}
    - target: {fileID: 839502503095057337, guid: d616733c82891a24a832dd0d9df0469d, type: 3}
      propertyPath: m_Name
      value: SquareRoomWall2
      objectReference: {fileID: 0}
    - target: {fileID: 839502503095057338, guid: d616733c82891a24a832dd0d9df0469d, type: 3}
      propertyPath: m_LocalPosition.x
      value: 0
      objectReference: {fileID: 0}
    - target: {fileID: 839502503095057338, guid: d616733c82891a24a832dd0d9df0469d, type: 3}
      propertyPath: m_LocalPosition.y
      value: 2
      objectReference: {fileID: 0}
    - target: {fileID: 839502503095057338, guid: d616733c82891a24a832dd0d9df0469d, type: 3}
      propertyPath: m_LocalPosition.z
      value: -10.5
      objectReference: {fileID: 0}
    - target: {fileID: 839502503095057338, guid: d616733c82891a24a832dd0d9df0469d, type: 3}
      propertyPath: m_LocalRotation.x
      value: 0
      objectReference: {fileID: 0}
    - target: {fileID: 839502503095057338, guid: d616733c82891a24a832dd0d9df0469d, type: 3}
      propertyPath: m_LocalRotation.y
      value: 0.7071068
      objectReference: {fileID: 0}
    - target: {fileID: 839502503095057338, guid: d616733c82891a24a832dd0d9df0469d, type: 3}
      propertyPath: m_LocalRotation.z
      value: 0
      objectReference: {fileID: 0}
    - target: {fileID: 839502503095057338, guid: d616733c82891a24a832dd0d9df0469d, type: 3}
      propertyPath: m_LocalRotation.w
      value: 0.7071068
      objectReference: {fileID: 0}
    - target: {fileID: 839502503095057338, guid: d616733c82891a24a832dd0d9df0469d, type: 3}
      propertyPath: m_RootOrder
      value: 2
      objectReference: {fileID: 0}
    - target: {fileID: 839502503095057338, guid: d616733c82891a24a832dd0d9df0469d, type: 3}
      propertyPath: m_LocalEulerAnglesHint.x
      value: 0
      objectReference: {fileID: 0}
    - target: {fileID: 839502503095057338, guid: d616733c82891a24a832dd0d9df0469d, type: 3}
      propertyPath: m_LocalEulerAnglesHint.y
      value: 90
      objectReference: {fileID: 0}
    - target: {fileID: 839502503095057338, guid: d616733c82891a24a832dd0d9df0469d, type: 3}
      propertyPath: m_LocalEulerAnglesHint.z
      value: 0
      objectReference: {fileID: 0}
    - target: {fileID: 839502503095057338, guid: d616733c82891a24a832dd0d9df0469d, type: 3}
      propertyPath: m_LocalScale.z
      value: 22
      objectReference: {fileID: 0}
    m_RemovedComponents: []
  m_SourcePrefab: {fileID: 100100000, guid: d616733c82891a24a832dd0d9df0469d, type: 3}
--- !u!4 &4633776011272876969 stripped
Transform:
  m_CorrespondingSourceObject: {fileID: 588223802632150245, guid: d616733c82891a24a832dd0d9df0469d, type: 3}
  m_PrefabInstance: {fileID: 5217333125779353420}
  m_PrefabAsset: {fileID: 0}
--- !u!1001 &5217333125922849341
PrefabInstance:
  m_ObjectHideFlags: 0
  serializedVersion: 2
  m_Modification:
    m_TransformParent: {fileID: 5217333124540921874}
    m_Modifications:
    - target: {fileID: 588223802632150245, guid: d616733c82891a24a832dd0d9df0469d, type: 3}
      propertyPath: m_LocalPosition.z
      value: 10.5
      objectReference: {fileID: 0}
    - target: {fileID: 588223802632150245, guid: d616733c82891a24a832dd0d9df0469d, type: 3}
      propertyPath: m_RootOrder
      value: 2
      objectReference: {fileID: 0}
    - target: {fileID: 588223802632150245, guid: d616733c82891a24a832dd0d9df0469d, type: 3}
      propertyPath: m_LocalPosition.x
      value: 10.5
      objectReference: {fileID: 0}
    - target: {fileID: 588223802632150245, guid: d616733c82891a24a832dd0d9df0469d, type: 3}
      propertyPath: m_LocalRotation.y
      value: 0.7071068
      objectReference: {fileID: 0}
    - target: {fileID: 588223802632150245, guid: d616733c82891a24a832dd0d9df0469d, type: 3}
      propertyPath: m_LocalRotation.w
      value: 0.7071068
      objectReference: {fileID: 0}
    - target: {fileID: 588223802632150245, guid: d616733c82891a24a832dd0d9df0469d, type: 3}
      propertyPath: m_LocalEulerAnglesHint.y
      value: 90
      objectReference: {fileID: 0}
    - target: {fileID: 839502503095057337, guid: d616733c82891a24a832dd0d9df0469d, type: 3}
      propertyPath: m_Name
      value: SquareRoomWall3
      objectReference: {fileID: 0}
    - target: {fileID: 839502503095057338, guid: d616733c82891a24a832dd0d9df0469d, type: 3}
      propertyPath: m_LocalPosition.x
      value: 0
      objectReference: {fileID: 0}
    - target: {fileID: 839502503095057338, guid: d616733c82891a24a832dd0d9df0469d, type: 3}
      propertyPath: m_LocalPosition.y
      value: 2
      objectReference: {fileID: 0}
    - target: {fileID: 839502503095057338, guid: d616733c82891a24a832dd0d9df0469d, type: 3}
      propertyPath: m_LocalPosition.z
      value: 10.5
      objectReference: {fileID: 0}
    - target: {fileID: 839502503095057338, guid: d616733c82891a24a832dd0d9df0469d, type: 3}
      propertyPath: m_LocalRotation.x
      value: 0
      objectReference: {fileID: 0}
    - target: {fileID: 839502503095057338, guid: d616733c82891a24a832dd0d9df0469d, type: 3}
      propertyPath: m_LocalRotation.y
      value: 0.7071068
      objectReference: {fileID: 0}
    - target: {fileID: 839502503095057338, guid: d616733c82891a24a832dd0d9df0469d, type: 3}
      propertyPath: m_LocalRotation.z
      value: 0
      objectReference: {fileID: 0}
    - target: {fileID: 839502503095057338, guid: d616733c82891a24a832dd0d9df0469d, type: 3}
      propertyPath: m_LocalRotation.w
      value: 0.7071068
      objectReference: {fileID: 0}
    - target: {fileID: 839502503095057338, guid: d616733c82891a24a832dd0d9df0469d, type: 3}
      propertyPath: m_RootOrder
      value: 3
      objectReference: {fileID: 0}
    - target: {fileID: 839502503095057338, guid: d616733c82891a24a832dd0d9df0469d, type: 3}
      propertyPath: m_LocalEulerAnglesHint.x
      value: 0
      objectReference: {fileID: 0}
    - target: {fileID: 839502503095057338, guid: d616733c82891a24a832dd0d9df0469d, type: 3}
      propertyPath: m_LocalEulerAnglesHint.y
      value: 90
      objectReference: {fileID: 0}
    - target: {fileID: 839502503095057338, guid: d616733c82891a24a832dd0d9df0469d, type: 3}
      propertyPath: m_LocalEulerAnglesHint.z
      value: 0
      objectReference: {fileID: 0}
    - target: {fileID: 839502503095057338, guid: d616733c82891a24a832dd0d9df0469d, type: 3}
      propertyPath: m_LocalScale.z
      value: 22
      objectReference: {fileID: 0}
    m_RemovedComponents: []
  m_SourcePrefab: {fileID: 100100000, guid: d616733c82891a24a832dd0d9df0469d, type: 3}
--- !u!4 &4633776011426864856 stripped
Transform:
  m_CorrespondingSourceObject: {fileID: 588223802632150245, guid: d616733c82891a24a832dd0d9df0469d, type: 3}
  m_PrefabInstance: {fileID: 5217333125922849341}
  m_PrefabAsset: {fileID: 0}
--- !u!1001 &5511734795231101234
PrefabInstance:
  m_ObjectHideFlags: 0
  serializedVersion: 2
  m_Modification:
    m_TransformParent: {fileID: 5217333124540921874}
    m_Modifications:
    - target: {fileID: 738132067232019928, guid: b4648ae95644bd0459017fdc3c9bbf4f, type: 3}
      propertyPath: m_Name
      value: Bed
      objectReference: {fileID: 0}
    - target: {fileID: 738132067232019935, guid: b4648ae95644bd0459017fdc3c9bbf4f, type: 3}
      propertyPath: m_LocalPosition.x
      value: 3
      objectReference: {fileID: 0}
    - target: {fileID: 738132067232019935, guid: b4648ae95644bd0459017fdc3c9bbf4f, type: 3}
      propertyPath: m_LocalPosition.y
      value: 0
      objectReference: {fileID: 0}
    - target: {fileID: 738132067232019935, guid: b4648ae95644bd0459017fdc3c9bbf4f, type: 3}
      propertyPath: m_LocalPosition.z
      value: -9
      objectReference: {fileID: 0}
    - target: {fileID: 738132067232019935, guid: b4648ae95644bd0459017fdc3c9bbf4f, type: 3}
      propertyPath: m_LocalRotation.x
      value: 0
      objectReference: {fileID: 0}
    - target: {fileID: 738132067232019935, guid: b4648ae95644bd0459017fdc3c9bbf4f, type: 3}
      propertyPath: m_LocalRotation.y
      value: 0
      objectReference: {fileID: 0}
    - target: {fileID: 738132067232019935, guid: b4648ae95644bd0459017fdc3c9bbf4f, type: 3}
      propertyPath: m_LocalRotation.z
      value: 0
      objectReference: {fileID: 0}
    - target: {fileID: 738132067232019935, guid: b4648ae95644bd0459017fdc3c9bbf4f, type: 3}
      propertyPath: m_LocalRotation.w
      value: 1
      objectReference: {fileID: 0}
    - target: {fileID: 738132067232019935, guid: b4648ae95644bd0459017fdc3c9bbf4f, type: 3}
      propertyPath: m_RootOrder
      value: 8
      objectReference: {fileID: 0}
    - target: {fileID: 738132067232019935, guid: b4648ae95644bd0459017fdc3c9bbf4f, type: 3}
      propertyPath: m_LocalEulerAnglesHint.x
      value: 0
      objectReference: {fileID: 0}
    - target: {fileID: 738132067232019935, guid: b4648ae95644bd0459017fdc3c9bbf4f, type: 3}
      propertyPath: m_LocalEulerAnglesHint.y
      value: 0
      objectReference: {fileID: 0}
    - target: {fileID: 738132067232019935, guid: b4648ae95644bd0459017fdc3c9bbf4f, type: 3}
      propertyPath: m_LocalEulerAnglesHint.z
      value: 0
      objectReference: {fileID: 0}
    m_RemovedComponents: []
  m_SourcePrefab: {fileID: 100100000, guid: b4648ae95644bd0459017fdc3c9bbf4f, type: 3}
--- !u!4 &5063104451516658925 stripped
Transform:
  m_CorrespondingSourceObject: {fileID: 738132067232019935, guid: b4648ae95644bd0459017fdc3c9bbf4f, type: 3}
  m_PrefabInstance: {fileID: 5511734795231101234}
  m_PrefabAsset: {fileID: 0}
--- !u!1001 &5547862387355605795
PrefabInstance:
  m_ObjectHideFlags: 0
  serializedVersion: 2
  m_Modification:
    m_TransformParent: {fileID: 5217333124540921874}
    m_Modifications:
    - target: {fileID: 9108567466740111406, guid: 2f1a5f05e7e3a3b479b0c98e48b6c1ea, type: 3}
      propertyPath: m_LocalPosition.x
      value: 5
      objectReference: {fileID: 0}
    - target: {fileID: 9108567466740111406, guid: 2f1a5f05e7e3a3b479b0c98e48b6c1ea, type: 3}
      propertyPath: m_LocalPosition.y
      value: 3
      objectReference: {fileID: 0}
    - target: {fileID: 9108567466740111406, guid: 2f1a5f05e7e3a3b479b0c98e48b6c1ea, type: 3}
      propertyPath: m_LocalPosition.z
      value: 9.8
      objectReference: {fileID: 0}
    - target: {fileID: 9108567466740111406, guid: 2f1a5f05e7e3a3b479b0c98e48b6c1ea, type: 3}
      propertyPath: m_LocalRotation.x
      value: 0
      objectReference: {fileID: 0}
    - target: {fileID: 9108567466740111406, guid: 2f1a5f05e7e3a3b479b0c98e48b6c1ea, type: 3}
      propertyPath: m_LocalRotation.y
      value: 0.7071068
      objectReference: {fileID: 0}
    - target: {fileID: 9108567466740111406, guid: 2f1a5f05e7e3a3b479b0c98e48b6c1ea, type: 3}
      propertyPath: m_LocalRotation.z
      value: 0
      objectReference: {fileID: 0}
    - target: {fileID: 9108567466740111406, guid: 2f1a5f05e7e3a3b479b0c98e48b6c1ea, type: 3}
      propertyPath: m_LocalRotation.w
      value: 0.7071068
      objectReference: {fileID: 0}
    - target: {fileID: 9108567466740111406, guid: 2f1a5f05e7e3a3b479b0c98e48b6c1ea, type: 3}
      propertyPath: m_RootOrder
      value: 7
      objectReference: {fileID: 0}
    - target: {fileID: 9108567466740111406, guid: 2f1a5f05e7e3a3b479b0c98e48b6c1ea, type: 3}
      propertyPath: m_LocalEulerAnglesHint.x
      value: 0
      objectReference: {fileID: 0}
    - target: {fileID: 9108567466740111406, guid: 2f1a5f05e7e3a3b479b0c98e48b6c1ea, type: 3}
      propertyPath: m_LocalEulerAnglesHint.y
      value: 90
      objectReference: {fileID: 0}
    - target: {fileID: 9108567466740111406, guid: 2f1a5f05e7e3a3b479b0c98e48b6c1ea, type: 3}
      propertyPath: m_LocalEulerAnglesHint.z
      value: 0
      objectReference: {fileID: 0}
    - target: {fileID: 9108567466740111407, guid: 2f1a5f05e7e3a3b479b0c98e48b6c1ea, type: 3}
      propertyPath: m_Name
      value: Torch
      objectReference: {fileID: 0}
    m_RemovedComponents: []
  m_SourcePrefab: {fileID: 100100000, guid: 2f1a5f05e7e3a3b479b0c98e48b6c1ea, type: 3}
--- !u!4 &3645055492728652557 stripped
Transform:
  m_CorrespondingSourceObject: {fileID: 9108567466740111406, guid: 2f1a5f05e7e3a3b479b0c98e48b6c1ea, type: 3}
  m_PrefabInstance: {fileID: 5547862387355605795}
  m_PrefabAsset: {fileID: 0}
--- !u!1001 &7123641449928458246
PrefabInstance:
  m_ObjectHideFlags: 0
  serializedVersion: 2
  m_Modification:
    m_TransformParent: {fileID: 5217333124540921874}
    m_Modifications:
    - target: {fileID: 9108567466740111406, guid: 2f1a5f05e7e3a3b479b0c98e48b6c1ea, type: 3}
      propertyPath: m_LocalPosition.x
      value: 5
      objectReference: {fileID: 0}
    - target: {fileID: 9108567466740111406, guid: 2f1a5f05e7e3a3b479b0c98e48b6c1ea, type: 3}
      propertyPath: m_LocalPosition.y
      value: 3
      objectReference: {fileID: 0}
    - target: {fileID: 9108567466740111406, guid: 2f1a5f05e7e3a3b479b0c98e48b6c1ea, type: 3}
      propertyPath: m_LocalPosition.z
      value: -9.8
      objectReference: {fileID: 0}
    - target: {fileID: 9108567466740111406, guid: 2f1a5f05e7e3a3b479b0c98e48b6c1ea, type: 3}
      propertyPath: m_LocalRotation.x
      value: 0
      objectReference: {fileID: 0}
    - target: {fileID: 9108567466740111406, guid: 2f1a5f05e7e3a3b479b0c98e48b6c1ea, type: 3}
      propertyPath: m_LocalRotation.y
      value: -0.7071068
      objectReference: {fileID: 0}
    - target: {fileID: 9108567466740111406, guid: 2f1a5f05e7e3a3b479b0c98e48b6c1ea, type: 3}
      propertyPath: m_LocalRotation.z
      value: 0
      objectReference: {fileID: 0}
    - target: {fileID: 9108567466740111406, guid: 2f1a5f05e7e3a3b479b0c98e48b6c1ea, type: 3}
      propertyPath: m_LocalRotation.w
      value: 0.7071068
      objectReference: {fileID: 0}
    - target: {fileID: 9108567466740111406, guid: 2f1a5f05e7e3a3b479b0c98e48b6c1ea, type: 3}
      propertyPath: m_RootOrder
      value: 6
      objectReference: {fileID: 0}
    - target: {fileID: 9108567466740111406, guid: 2f1a5f05e7e3a3b479b0c98e48b6c1ea, type: 3}
      propertyPath: m_LocalEulerAnglesHint.x
      value: 0
      objectReference: {fileID: 0}
    - target: {fileID: 9108567466740111406, guid: 2f1a5f05e7e3a3b479b0c98e48b6c1ea, type: 3}
      propertyPath: m_LocalEulerAnglesHint.y
      value: -90
      objectReference: {fileID: 0}
    - target: {fileID: 9108567466740111406, guid: 2f1a5f05e7e3a3b479b0c98e48b6c1ea, type: 3}
      propertyPath: m_LocalEulerAnglesHint.z
      value: 0
      objectReference: {fileID: 0}
    - target: {fileID: 9108567466740111407, guid: 2f1a5f05e7e3a3b479b0c98e48b6c1ea, type: 3}
      propertyPath: m_Name
      value: Torch
      objectReference: {fileID: 0}
    m_RemovedComponents: []
  m_SourcePrefab: {fileID: 100100000, guid: 2f1a5f05e7e3a3b479b0c98e48b6c1ea, type: 3}
--- !u!4 &2068388071334041640 stripped
Transform:
  m_CorrespondingSourceObject: {fileID: 9108567466740111406, guid: 2f1a5f05e7e3a3b479b0c98e48b6c1ea, type: 3}
  m_PrefabInstance: {fileID: 7123641449928458246}
  m_PrefabAsset: {fileID: 0}
--- !u!1001 &8482150074988426043
PrefabInstance:
  m_ObjectHideFlags: 0
  serializedVersion: 2
  m_Modification:
    m_TransformParent: {fileID: 5217333124540921874}
    m_Modifications:
    - target: {fileID: 9108567466740111406, guid: 2f1a5f05e7e3a3b479b0c98e48b6c1ea, type: 3}
      propertyPath: m_LocalPosition.x
      value: 15
      objectReference: {fileID: 0}
    - target: {fileID: 9108567466740111406, guid: 2f1a5f05e7e3a3b479b0c98e48b6c1ea, type: 3}
      propertyPath: m_LocalPosition.y
      value: 3
      objectReference: {fileID: 0}
    - target: {fileID: 9108567466740111406, guid: 2f1a5f05e7e3a3b479b0c98e48b6c1ea, type: 3}
      propertyPath: m_LocalPosition.z
      value: 9.8
      objectReference: {fileID: 0}
    - target: {fileID: 9108567466740111406, guid: 2f1a5f05e7e3a3b479b0c98e48b6c1ea, type: 3}
      propertyPath: m_LocalRotation.x
      value: 0
      objectReference: {fileID: 0}
    - target: {fileID: 9108567466740111406, guid: 2f1a5f05e7e3a3b479b0c98e48b6c1ea, type: 3}
      propertyPath: m_LocalRotation.y
      value: 0.7071068
      objectReference: {fileID: 0}
    - target: {fileID: 9108567466740111406, guid: 2f1a5f05e7e3a3b479b0c98e48b6c1ea, type: 3}
      propertyPath: m_LocalRotation.z
      value: 0
      objectReference: {fileID: 0}
    - target: {fileID: 9108567466740111406, guid: 2f1a5f05e7e3a3b479b0c98e48b6c1ea, type: 3}
      propertyPath: m_LocalRotation.w
      value: 0.7071068
      objectReference: {fileID: 0}
    - target: {fileID: 9108567466740111406, guid: 2f1a5f05e7e3a3b479b0c98e48b6c1ea, type: 3}
      propertyPath: m_RootOrder
      value: 5
      objectReference: {fileID: 0}
    - target: {fileID: 9108567466740111406, guid: 2f1a5f05e7e3a3b479b0c98e48b6c1ea, type: 3}
      propertyPath: m_LocalEulerAnglesHint.x
      value: 0
      objectReference: {fileID: 0}
    - target: {fileID: 9108567466740111406, guid: 2f1a5f05e7e3a3b479b0c98e48b6c1ea, type: 3}
      propertyPath: m_LocalEulerAnglesHint.y
      value: 90
      objectReference: {fileID: 0}
    - target: {fileID: 9108567466740111406, guid: 2f1a5f05e7e3a3b479b0c98e48b6c1ea, type: 3}
      propertyPath: m_LocalEulerAnglesHint.z
      value: 0
      objectReference: {fileID: 0}
    - target: {fileID: 9108567466740111407, guid: 2f1a5f05e7e3a3b479b0c98e48b6c1ea, type: 3}
      propertyPath: m_Name
      value: Torch
      objectReference: {fileID: 0}
    m_RemovedComponents: []
  m_SourcePrefab: {fileID: 100100000, guid: 2f1a5f05e7e3a3b479b0c98e48b6c1ea, type: 3}
--- !u!4 &855269789336447765 stripped
Transform:
  m_CorrespondingSourceObject: {fileID: 9108567466740111406, guid: 2f1a5f05e7e3a3b479b0c98e48b6c1ea, type: 3}
  m_PrefabInstance: {fileID: 8482150074988426043}
  m_PrefabAsset: {fileID: 0}
